<?xml version="1.0" encoding="UTF-8"?><collection xmlns="http://www.loc.gov/MARC21/slim"><record><leader>00366nam--2200133-i-4500</leader><controlfield tag="001">000029189</controlfield><controlfield tag="002">20161230</controlfield><controlfield tag="005">20161230201037</controlfield><controlfield tag="008">060222s1000------------r-----000-0-eng-d</controlfield><datafield ind1=" " ind2=" " tag="080"><subfield code="a">34</subfield></datafield><datafield ind1=" " ind2=" " tag="245"><subfield code="a">Prace wlodzimierza krukowskiego</subfield></datafield><datafield ind1=" " ind2=" " tag="260"><subfield code="a">Warszawa, Panstwow Wydanictwo Naukove, 1956. 846p. + Ill.(Polska Acad. Nauk)</subfield></datafield><datafield ind1=" " ind2=" " tag="700"><subfield code="a">Krukowski, Wladimir</subfield></datafield><datafield ind1=" " ind2=" " tag="852"><subfield code="a">4300</subfield></datafield></record></collection>